<?xml version="1.0" encoding="UTF-8"?><collection xmlns="http://www.loc.gov/MARC21/slim"><record><leader>00496nam--2200133-i-4500</leader><controlfield tag="001">000012899</controlfield><controlfield tag="002">20161230</controlfield><controlfield tag="005">20161230201030</controlfield><controlfield tag="008">060222s1000------------r-----000-0-eng-d</controlfield><datafield ind1=" " ind2=" " tag="080"><subfield code="a">621.375.8:778.38(06)</subfield></datafield><datafield ind1=" " ind2=" " tag="245"><subfield code="a">Coherent optical ingineering. a select of lectures given at the international scool of quantum electronics, versilia tuscany, italy, 1-15 sept.1970</subfield></datafield><datafield ind1=" " ind2=" " tag="260"><subfield code="a">Amsterdam, North-holland Publishing Company, 1977 Viii + 366 P</subfield></datafield><datafield ind1=" " ind2=" " tag="700"><subfield code="a">Arecchi, F.T.And V.Degiorgio</subfield></datafield><datafield ind1=" " ind2=" " tag="852"><subfield code="a">46655</subfield></datafield></record></collection>